@article{Beck,
        author = {J.Beck},
        title = {Braid group action and quantum affine algebras},
        journal = {Commun.Math.Phys.},
        volume = {165},
        pages = {555-568},
        year = {1994}
}
@article{Beckchari,
        author = {J.Beck, V.Chari, and A.Presseley},
        title = {An algebraic characterization of the affine canonical basis},
        journal = {preprint math. QA/9808060},
        year = {1998}
}
@article{Chari,
        author = {V.Chari and A.Presseley},
        title = {A guide to quantum groups},
        publisher = {Cambridge University Press},
        journal = {Cambridge University Press},
        year = {1995}
}
@article{Kac,
        author = {V.G.Kac},
        title = {"Infinite-dimensional Lie algebras"},
        journal = {Cambridge University Press 3rd edition},
        year = {1995}
}
@article{Damiani,
        author = {I.Damiani},
        title = {A basis of type Poincaré-Birkhoff-Witt for the quantum algebra of $\widehat{sl}(2)$},
        journal = {J.Algebra},
        volume = {161},
        pages = {291-310},
        year = {1993}
}

@article{Drienf0,
        author = {V.G.Drienfeld},
        title = {Hopf algebras and the quantum Yang-Baxter equation},
        journal = {Soviet Math.Dokl.},
        volume = {32},
        pages = {254-258},
        year = {1985}
}
@article{Drienf1,
        author = {V.G.Drienfeld},
        title = {A new realization of Yangians and of quantum affine algebras},
        journal = {Soviet Math.Dokl.},
        volume = {36},
        pages = {212-216},
        year = {1987}
}
@article{Green0,
        author = {J.A.Green},
        title = {Hall algebras, hereditary algebras and quantum groups},
        journal = {Invent.Math.},
        volume = {120},
        pages = {361-377},
        year = {1995}
}

@article{Baum,
        author = {P. Baumann, C. Kasser},
        title = {The Hall algebra of the category of coherent sheaves  on the projective line},
        journal = {J.Reine Angew Math.},
        volume = {533},
        pages = {207-233},
        number = {},
        year = {2001}
}
@article{Hart,
        author = {R.Hatshorne},
        title = {Algebraic geometry},
        journal = {Graduate Texts in Mathematics},
        volume = {52},
        publisher = {Springer-Verlag},
        year = {1977}
}
@article{Kapranov,
        author = {M.M.Kapranov},
        title = {Eisenstein series and quantum affine algebras},
        journal = {J.Math.Sci. (New York)},
        volume = {84},
        pages = {1311-1360},
        number = {},
        year = {1997}
}

@misc{YBmono,
      title={Lectures on Quantum Groups and Yang-Baxter Equations}, 
      author={A. P. Isaev},
      year={2022},
      eprint={2206.08902},
      archivePrefix={arXiv},
      primaryClass={math.QA}
}






@article{Macdonald,
        author = {I.G.Macdonald},
        title = {"Symmetric functions and Hall polynomials", 2nd edition},
        journal = {Oxford mahematical monographs (Clarendon Press, Oxford)},
        year = {1995}
}
@article{Ringel0,
        author = {C.M. Ringel},
        title = {Hall algebas and quantum groups},
        journal = {Invent.Math.},
        volume = {101},
        pages = {583-591},
        year = {1990}
}
@article{Ringel1,
        author = {C.M. Ringel},
        title = {Hall algebas},
        journal = {Banach Cent.Publ.},
        volume = {26},
        pages = {433-447},
        number = {1},
        year = {1990}
}
@article{Ringel2,
        author = {C.M. Ringel},
        title = {From representations of quivers via Hall and Loewy algebras to quantum groups},
        journal = {in "Proceedings of the international conference on algebra dedicated to the memory of A.I.Maclev" (Novosibirsk, 1989 eds. L.A. Bokut, Yu. L. Ershov and A.I. Kostrikin), Contemporary Mathematics},
        volume = {131 Part 2},
        pages = {381-401},
        number = {},
        year = {1992}
}
@article{Ringel3,
        author = {C.M. Ringel},
        title = {PBW-bases of quantum groups},
        journal = {J.Reine Angew.Math.},
        volume = {470},
        pages = {51-88},
        year = {1996}
}
@article{Ringel4,
        author = {C.M. Ringel},
        title = {Green's theorem on Hall algebras},
        journal = {in "Representation theory of algebras and relate topics (Mexico City, eds. . Bautista, R. Martinez-Villa, and J.A.E. Pena), CMS Conference Proceedings 19 (American Mathematical Society, Providence, RI, 1996},
        volume = {470},
        pages = {185-245},
        number = {},
        year = {}
}
@book{Kassel,
        author = {C. Kassel},
        title = {Quantum Groups},
        journal = {Graduate texts in mathematics Springer-Verlag},
        volume = {155},
        pages = {},
        number = {},
        year = {1995}
}
@article{schiffm,
        author = {O.schiffmannl},
        title = {Lectures on Hall algebras},
        journal = {math.RT/0611617},
        
}
@article{Xia,
        author = {Jie Xiaol},
        title = {Drinfeld double and Ringel-Green theory of Hall algebras},
        journal = {J.algebra},
        volume = {190},
        pages = {100-144},
        year = {1997}
}
@book{Ser,
        author = {J.P Serre},
        title = {Complex Semisimple Lie Algebras},
        journal = {Springer},
        year = {2001}
}
@article{Beil,
        author = {A.A Beilinson},
        title = {Coherent sheaves on Pn and problems in linear algebra},
        journal = {Funktsional. Anal. i Prilozhen.},
        pages = {68-69},
        year = {1978}
}
@article{Jimb,
        author = {M. Jimbo},
        title = { A q-difference analogue of U(g) and the YangBaxter equation},
        journal =  {Lett. Math. Phys.},
        volume = {10},
        pages = {63-69},
        year = {1985}
}
@article{RTF,
        author = {N.Yu. Reshetikhin, L.A. Takhtadjian, and L.D. Faddeev},
        title = { Quantization of Lie groups and Lie algebras},
        journal =  { Algebra i Analiz},
        volume = {1},
        pages = {178-206},
        year = {1990}
}
@article{schif,
        author = {O. Schiffmann},
        title = {Lectures on Hall algebras},
        year = {2006}
}
@article{ChariP,
        author = {V.Chari, A.Pressley},
        title = {Quantum affine algebras at root of unity},
        journal =  {Representation theory},
       pages = {286-328},
       year = {1997}
}
@book{KasRossTur,
        author = {Christian Kassel, Marc Rosson, Vladimir Turaev},
        title = {Quantum groups and knot invariants},
        journal = {Société mathématique de France},
        volume = {},
        pages = {},
        number = {},
        year = {1997}
}
@article{KRP,
  title={Double construction for monoidal categories},
  author={Christian Kassel and Vladimir Turaev},
  journal={Acta Mathematica},
  year={1995},
  volume={175},
  pages={1-48},
  url={https://api.semanticscholar.org/CorpusID:120952544}
}

@book{GomezRuizSierra,
        author = {Cesar Gomez, Marti Ruiz-Altaba, German Sierra},
        title = {Quantum groups in two dimensional physics},
        journal = {Cambridge university press},
        year = {1996}
}



@article{Alexander1923,
author = {Alexander, JW},
file = {:Users/andrew/Library/Application Support/Mendeley Desktop/Downloaded/Alexander - 1923 - A lemma on systems of knotted curves.pdf:pdf},
journal = {Proceedings of the National Academy of  {\ldots}},
title = {{A lemma on systems of knotted curves}},
url = {http://www.pnas.org/content/9/3/93.short},
year = {1923}
}



@article{chaoticknots,
abstract = {The delicate interplay between knot theory and dynamical systems is surveyed. Numerous bridges between these fields allow us to apply dynamical perspectives (entropy, ‘chaotic’) to knot theory, as well as knot-theoretic perspectives (cablings, ‘wild’) to dynamical phenomena and bifurcations thereof. This intricate relationship has opened new doors in the study of ODE models of physical systems, while conversely yielding interesting topological objects from dynamical flows},
author = {Ghrist, Robert W.},
doi = {10.1016/S0960-0779(97)00094-5},
file = {:Users/andrew/Library/Application Support/Mendeley Desktop/Downloaded/Ghrist - 1998 - Chaotic knots and wild dynamics.pdf:pdf},
issn = {09600779},
journal = {Chaos, Solitons {\&} Fractals},
month = {apr},
number = {4-5},
pages = {583--598},
title = {{Chaotic knots and wild dynamics}},
url = {http://www.sciencedirect.com/science/article/pii/S0960077997000945},
volume = {9},
year = {1998}
}





@article{Williams1998,
author = {Williams, RF},
journal = {Bulletin of the American Mathematical Society}, 
title = {{The Universal Templates of Ghrist}}, 
url = {http://www.ams.org/journals/bull/1998-35-02/S0273-0979-98-00744-7/S0273-0979-98-00744-7.pdf},
year = {1998},
}



